<?xml version="1.0" encoding="UTF-8"?>
  <record xmlns="http://www.loc.gov/MARC21/slim" type="Authority">
    <leader>00000nz  a2200000oc 4500</leader>
    <controlfield tag="001">1250717353</controlfield>
    <controlfield tag="003">DE-101</controlfield>
    <controlfield tag="005">20220201154118.0</controlfield>
    <controlfield tag="008">220131n||aznnnaabn           | aaa    |c</controlfield>
    <datafield tag="024" ind1="7" ind2=" ">
      <subfield code="a">1250717353</subfield>
      <subfield code="0">http://d-nb.info/gnd/1250717353</subfield>
      <subfield code="2">gnd</subfield>
    </datafield>
    <datafield tag="035" ind1=" " ind2=" ">
      <subfield code="a">(DE-101)1250717353</subfield>
    </datafield>
    <datafield tag="035" ind1=" " ind2=" ">
      <subfield code="a">(DE-588)1250717353</subfield>
    </datafield>
    <datafield tag="040" ind1=" " ind2=" ">
      <subfield code="a">DE-1</subfield>
      <subfield code="c">DE-1</subfield>
      <subfield code="9">r:DE-1</subfield>
      <subfield code="b">ger</subfield>
      <subfield code="d">1031</subfield>
    </datafield>
    <datafield tag="042" ind1=" " ind2=" ">
      <subfield code="a">gnd3</subfield>
    </datafield>
    <datafield tag="043" ind1=" " ind2=" ">
      <subfield code="c">XA-DE</subfield>
    </datafield>
    <datafield tag="075" ind1=" " ind2=" ">
      <subfield code="b">p</subfield>
      <subfield code="2">gndgen</subfield>
    </datafield>
    <datafield tag="075" ind1=" " ind2=" ">
      <subfield code="b">piz</subfield>
      <subfield code="2">gndspec</subfield>
    </datafield>
    <datafield tag="079" ind1=" " ind2=" ">
      <subfield code="a">g</subfield>
      <subfield code="q">a</subfield>
      <subfield code="q">f</subfield>
    </datafield>
    <datafield tag="100" ind1="1" ind2=" ">
      <subfield code="a">Berlepsch, Lucretia &#152;von&#156;</subfield>
      <subfield code="d">1542-1610</subfield>
    </datafield>
    <datafield tag="375" ind1=" " ind2=" ">
      <subfield code="a">2</subfield>
      <subfield code="2">iso5218</subfield>
    </datafield>
    <datafield tag="400" ind1="1" ind2=" ">
      <subfield code="a">Schleinitz, Lucretia &#152;von&#156;</subfield>
      <subfield code="d">1542-1610</subfield>
      <subfield code="4">nafr</subfield>
      <subfield code="4">https://d-nb.info/standards/elementset/gnd#EarlierNameOfThePerson</subfield>
      <subfield code="w">r</subfield>
      <subfield code="i">Frueherer Name</subfield>
      <subfield code="e">Frueherer Name</subfield>
      <subfield code="9">v:Geburtsname</subfield>
    </datafield>
    <datafield tag="400" ind1="0" ind2=" ">
      <subfield code="a">Lucretia Freifrau von Berlepsch</subfield>
      <subfield code="d">1542-1610</subfield>
    </datafield>
    <datafield tag="500" ind1="1" ind2=" ">
      <subfield code="a">Schleinitz, Hans &#152;von&#156;</subfield>
      <subfield code="4">bezf</subfield>
      <subfield code="4">https://d-nb.info/standards/elementset/gnd#familialRelationship</subfield>
      <subfield code="w">r</subfield>
      <subfield code="i">Beziehung familiaer</subfield>
      <subfield code="e">Beziehung familiaer</subfield>
      <subfield code="9">v:Vater</subfield>
    </datafield>
    <datafield tag="500" ind1="1" ind2=" ">
      <subfield code="0">(DE-101)13569731X</subfield>
      <subfield code="0">(DE-588)13569731X</subfield>
      <subfield code="0">https://d-nb.info/gnd/13569731X</subfield>
      <subfield code="a">Berlepsch, Erich Volkmar &#152;von&#156;</subfield>
      <subfield code="d">1525-1589</subfield>
      <subfield code="4">bezb</subfield>
      <subfield code="4">https://d-nb.info/standards/elementset/gnd#professionalRelationship</subfield>
      <subfield code="w">r</subfield>
      <subfield code="i">Beziehung beruflich</subfield>
      <subfield code="e">Beziehung beruflich</subfield>
      <subfield code="9">v:Ehemann</subfield>
    </datafield>
    <datafield tag="548" ind1=" " ind2=" ">
      <subfield code="a">1542-1610</subfield>
      <subfield code="4">datl</subfield>
      <subfield code="4">https://d-nb.info/standards/elementset/gnd#dateOfBirthAndDeath</subfield>
      <subfield code="w">r</subfield>
      <subfield code="i">Lebensdaten</subfield>
      <subfield code="9">v:Todesjahr abweichend 1611</subfield>
    </datafield>
    <datafield tag="548" ind1=" " ind2=" ">
      <subfield code="a">-26.12.1610</subfield>
      <subfield code="4">datx</subfield>
      <subfield code="4">https://d-nb.info/standards/elementset/gnd#dateOfDeath</subfield>
      <subfield code="w">r</subfield>
      <subfield code="i">Exakte Lebensdaten</subfield>
    </datafield>
    <datafield tag="550" ind1=" " ind2=" ">
      <subfield code="0">(DE-101)980851203</subfield>
      <subfield code="0">(DE-588)7538687-2</subfield>
      <subfield code="0">https://d-nb.info/gnd/7538687-2</subfield>
      <subfield code="a">Freifrau</subfield>
      <subfield code="4">adel</subfield>
      <subfield code="4">https://d-nb.info/standards/elementset/gnd#titleOfNobility</subfield>
      <subfield code="w">r</subfield>
      <subfield code="i">Adelstitel</subfield>
    </datafield>
    <datafield tag="551" ind1=" " ind2=" ">
      <subfield code="0">(DE-101)1031111832</subfield>
      <subfield code="0">(DE-588)1031111832</subfield>
      <subfield code="0">https://d-nb.info/gnd/1031111832</subfield>
      <subfield code="a">Stauchitz-Seerhausen</subfield>
      <subfield code="4">ortg</subfield>
      <subfield code="4">https://d-nb.info/standards/elementset/gnd#placeOfBirth</subfield>
      <subfield code="w">r</subfield>
      <subfield code="i">Geburtsort</subfield>
    </datafield>
    <datafield tag="672" ind1=" " ind2="0">
      <subfield code="a">Camerarius, Joachim: Libellus continens eclogas</subfield>
      <subfield code="f">1568</subfield>
    </datafield>
    <datafield tag="678" ind1=" " ind2=" ">
      <subfield code="b">Meißnisches Uradelsgeschlecht von Schleinitz; geb. auf dem Rittergut Seerhausen (1293-1728 im Besitz der Familie); Vater Hans von Schleinitz (1502/06-1550); heiratete am 2.2.1563; Camerarius besingt diese Vermählung in der XVIII. Ekloge seiner Eclogae; die Ehe blieb kinderlos; 1562 fertigte Lucas Cranach d.J. das erste Portrait von ihr an, 1580 dann ein weiteres von ihr und ihrem Ehemann als Bildnispaar</subfield>
    </datafield>
  </record>
